@book{latexcompanion,
    author    = "Michel Goossens and Frank Mittelbach and Alexander Samarin",
    title     = "The \LaTeX\ Companion",
    year      = "1993",
    publisher = "Addison-Wesley",
    address   = "Reading, Massachusetts"
}

@misc{WhatT45:online,
author = "Constance L. Hays",
title = "What Wal-Mart Knows About Customers' Habits - The New York Times",
publisher = "New York Times",
month = {Nov 14},
year = {2004},
}	

@misc{TheGNUGe51:online,
author = {Free Software Foundation},
title = {The GNU General Public License v3.0 - GNU Project - Free Software Foundation},
howpublished = {\url{https://www.gnu.org/licenses/gpl-3.0.en.html}},
month = {},
year = {2007},
note = {(Accessed on 09/23/2016)}
}

@misc{LaTeXWik0:online,
author = {Wikibooks},
title = {LaTeX - Wikibooks, open books for an open world},
howpublished = {\url{https://en.wikibooks.org/wiki/LaTeX}},
month = {},
year = {},
note = {(Accessed on 09/23/2016)}
}

@misc{HowTarge71:online,
author = {Kashmir Hill },
title = {How Target Figured Out A Teen Girl Was Pregnant Before Her Father Did},
howpublished = {\url{http://www.forbes.com/sites/kashmirhill/2012/02/16/how-target-figured-out-a-teen-girl-was-pregnant-before-her-father-did/}},
month = {},
year = {2012},
note = {(Accessed on 09/23/2016)}
}

@misc{Facebook45:online,
author = {Andrew Griffin},
title = {Facebook is using smartphones to listen to what people say, professor suggests},
howpublished = {\url{http://www.independent.co.uk/life-style/gadgets-and-tech/news/facebook-using-people-s-phones-to-listen-in-on-what-they-re-saying-claims/-professor-a7057526.html}},
month = {},
year = {2016},
note = {(Accessed on 09/23/2016)}
}

@misc{IBMWhati26:online,
author = {IBM},
title = {IBM - What is big data?},
howpublished = {\url{https://www-01.ibm.com/software/data/bigdata/what-is-big-data.html}},
month = {},
year = {},
note = {(Accessed on 09/23/2016)}
}

@article{mcafee2012big,
  title={Big data: The management revolution},
  author={McAfee, Andrew and Brynjolfsson, Erik and Davenport, Thomas H and Patil, DJ and Barton, Dominic},
  journal={Harvard Bus Rev},
  volume={90},
  number={10},
  pages={61--67},
  year={2012}
}

@misc{Infograp69:online,
author = {IBM},
title = {Infographic: The Four V's of Big Data | IBM Big Data \& Analytics Hub},
howpublished = {\url{http://www.ibmbigdatahub.com/infographic/four-vs-big-data}},
month = {},
year = {},
note = {(Accessed on 09/23/2016)}
}

@article{patil2012data,
  title={Data Scientist: The Sexiest Job of the 21st Century},
  author={Patil, TH and Davenport, DJ},
  journal={Harvard Business Review},
  year={2012}
}

@misc{8SkillsY88:online,
author = {Dave Holtz},
title = {8 Skills You Need to Be a Data Scientist | Udacity},
howpublished = {\url{http://blog.udacity.com/2014/11/data-science-job-skills.html}},
month = {},
year = {2014},
note = {(Accessed on 09/23/2016)}
}